@ARTICLE{2012arXiv1201.1336W,
       author = {{White}, Richard L. and {Greenfield}, Perry and {Pence}, William and {Tody}, Doug and {Seaman}, Rob},
        title = "{Tiled Image Convention for Storing Compressed Images in FITS Binary Tables}",
      journal = {arXiv e-prints},
     keywords = {Astrophysics - Instrumentation and Methods for Astrophysics},
         year = 2012,
        month = jan,
          eid = {arXiv:1201.1336},
        pages = {arXiv:1201.1336},
          doi = {10.48550/arXiv.1201.1336},
archivePrefix = {arXiv},
       eprint = {1201.1336},
 primaryClass = {astro-ph.IM},
       adsurl = {https://ui.adsabs.harvard.edu/abs/2012arXiv1201.1336W},
      adsnote = {Provided by the SAO/NASA Astrophysics Data System}
}

@ARTICLE{2010A&A...524A..42P,
       author = {{Pence}, W.~D. and {Chiappetti}, L. and {Page}, C.~G. and {Shaw}, R.~A. and {Stobie}, E.},
        title = "{Definition of the Flexible Image Transport System (FITS), version 3.0}",
      journal = {\aap},
     keywords = {instrumentation: miscellaneous, methods: miscellaneous, techniques: miscellaneous, reference systems, standards, astronomical databases: miscellaneous},
         year = 2010,
        month = dec,
       volume = {524},
          eid = {A42},
        pages = {A42},
          doi = {10.1051/0004-6361/201015362},
       adsurl = {https://ui.adsabs.harvard.edu/abs/2010A&A...524A..42P},
      adsnote = {Provided by the SAO/NASA Astrophysics Data System}
}
